@misc{website:webrecorder,     
      title = "Playback using webrecorder",
      howpublished = "https://webrecorder.io/"
}
@misc{website:WAIL,     
      title = "Using WAIL",
      howpublished = "http://matkelly.com/wail/"
}
@misc{website:barplot,     
      title = "Generating simple bar plots in R",
      howpublished = "http://www.statmethods.net/graphs/bar.html"
}
@misc{website:WARCreate,     
      title = "Download WARCreate",
      howpublished = "https://chrome.google.com/webstore/detail/warcreate/kenncghfghgolcbmckhiljgaabnpcaaa?hl=en-US"
}
@misc{website:WARCMerge,     
      title = "WARC Merge",
      howpublished = "https://github.com/maturban/WARCMerge"
}
@misc{website:pywb,     
      title = "Setting up pywb",
      howpublished = "https://github.com/ikreymer/pywb"
}