
@misc{website:TwitterSearch,     
      title = "Twitter Search for Python",
      howpublished = "https://github.com/ckoepp/TwitterSearch"
}
@misc{website:APIKeys,     
      title = "Using Twitter API keys",
      howpublished = "http://thomassileo.com/blog/2013/01/25/using-twitter-rest-api-v1-dot-1-with-python/"
}
@misc{website:GraphsInR,     
      title = "Producing simple graphs in R",
      howpublished = "http://www.harding.edu/fmccown/r/"
}
@misc{website:DateTimeInPython,     
      title = "Basic date and Time types in python",
      howpublished = "https://docs.python.org/2/library/datetime.html"
}
@misc{website:CarbonDate,     
      title = "Github for CarbonDate",
      howpublished = "https://github.com/HanySalahEldeen/CarbonDate"
}
