@misc{jusText,
  title = {jus{T}ext},
  date = {2012-09-02},
  howpublished = {https://pypi.python.org/pypi/jusText/2.1.0},
  url = {https://pypi.python.org/pypi/jusText/2.1.0}
 }
@misc{Wordcount,
  title = {Wordcount},
  date = {2015-04-03},
  howpublished = {https://github.com/mlafeldt/google-python-class/blob/master/basic/solution/wordcount.py},
  url = {https://github.com/mlafeldt/google-python-class/blob/master/basic/solution/wordcount.py},
  note = {Accessed: 2015-04-03}
}

@misc{Cumulative,
  title = {{C}umulative},
  date = {2013-04-03},
  howpublished = {http://www.r-bloggers.com},
  url = {http://www.r-bloggers.com}
}

@misc{twarc,
  title = {twarc},
  date = {2013-04-03},
  howpublished = {https://github.com/edsu/twarc},
  url = {https://github.com/edsu/twarc}
}

@misc{timelapse,
  title = {timelapse},
  date = {2013-04-03},
  howpublished = {https://github.com/burg/timelapse/},
  url = {https://github.com/burg/timelapse/}
}



